[gd_scene load_steps=23 format=2]

[ext_resource path="res://Stages/MainMenu/StageMainMenu.cs" type="Script" id=1]
[ext_resource path="res://Interface/Buttons/BtnBase/BtnBase.tscn" type="PackedScene" id=2]
[ext_resource path="res://Stages/MainMenu/BG.png" type="Texture" id=3]
[ext_resource path="res://Interface/Fonts/Mospace.otf" type="DynamicFontData" id=4]
[ext_resource path="res://Utils/Audio/MusicPlayer.tscn" type="PackedScene" id=5]
[ext_resource path="res://Stages/MainMenu/GWJ-30-Theme.png" type="Texture" id=6]
[ext_resource path="res://Systems/SettingsManager/PnlSettings.tscn" type="PackedScene" id=7]
[ext_resource path="res://Interface/Themes/HospMenuBtns.tres" type="Theme" id=8]
[ext_resource path="res://Interface/Themes/VoidSmallFont.tres" type="Theme" id=9]
[ext_resource path="res://Interface/PictureStory/PictureStory.tscn" type="PackedScene" id=10]
[ext_resource path="res://Stages/MainMenu/ArcadeWildCard.png" type="Texture" id=11]
[ext_resource path="res://Interface/Fonts/VoidWarriorWhite48.tres" type="DynamicFont" id=12]
[ext_resource path="res://Interface/Fonts/VoidWarriorWhite24.tres" type="DynamicFont" id=13]
[ext_resource path="res://icon.png" type="Texture" id=14]
[ext_resource path="res://Stages/MainMenu/FlatteryWildCard.png" type="Texture" id=15]
[ext_resource path="res://Interface/Fonts/VoidWarriorWhite32.tres" type="DynamicFont" id=16]
[ext_resource path="res://Systems/ScoreManagerMono/ScoreManagerMono.tscn" type="PackedScene" id=17]

[sub_resource type="Animation" id=1]
resource_name = "Float"
length = 0.4
loop = true
tracks/0/type = "value"
tracks/0/path = NodePath(".:position")
tracks/0/interp = 1
tracks/0/loop_wrap = true
tracks/0/imported = false
tracks/0/enabled = true
tracks/0/keys = {
"times": PoolRealArray( 0, 0.2, 0.4 ),
"transitions": PoolRealArray( 1, 1, 1 ),
"update": 0,
"values": [ Vector2( 480, 274 ), Vector2( 480, 272 ), Vector2( 480, 274 ) ]
}

[sub_resource type="DynamicFont" id=2]
size = 96
outline_size = 2
outline_color = Color( 0.929412, 0.184314, 0.333333, 1 )
extra_spacing_char = 3
font_data = ExtResource( 4 )

[sub_resource type="DynamicFont" id=3]
size = 64
outline_size = 2
outline_color = Color( 0.929412, 0.184314, 0.333333, 1 )
extra_spacing_char = 3
font_data = ExtResource( 4 )

[sub_resource type="DynamicFontData" id=4]
font_path = "res://Interface/Fonts/Mospace.otf"

[sub_resource type="DynamicFont" id=5]
size = 64
outline_size = 1
font_data = SubResource( 4 )

[node name="StageMainMenu" type="Node"]
script = ExtResource( 1 )

[node name="BtnTexBackground" type="TextureButton" parent="."]
margin_right = 3840.0
margin_bottom = 2160.0
rect_scale = Vector2( 0.25, 0.25 )
texture_normal = ExtResource( 3 )
expand = true
__meta__ = {
"_edit_use_anchors_": false
}

[node name="Freddie__staff_room__v04" type="Sprite" parent="."]
position = Vector2( 480, 274 )
scale = Vector2( 0.3, 0.3 )
texture = ExtResource( 14 )

[node name="Anim" type="AnimationPlayer" parent="Freddie__staff_room__v04"]
autoplay = "Float"
anims/Float = SubResource( 1 )

[node name="LblMainMenu" type="Label" parent="."]
margin_top = 1.0
margin_right = 960.0
margin_bottom = 123.0
custom_fonts/font = SubResource( 2 )
text = "Godot Wild Jam 31"
align = 1
valign = 1
autowrap = true
__meta__ = {
"_edit_use_anchors_": false
}

[node name="LblMainMenu2" type="Label" parent="."]
visible = false
margin_top = 110.0
margin_right = 960.0
margin_bottom = 232.0
custom_fonts/font = SubResource( 3 )
text = "Welcome to Calamity General Hospital"
align = 1
valign = 1
autowrap = true
__meta__ = {
"_edit_use_anchors_": false
}

[node name="BtnPlay1" parent="." instance=ExtResource( 2 )]
margin_left = 16.036
margin_top = 453.961
margin_right = 266.036
margin_bottom = 526.961
theme = ExtResource( 8 )
custom_fonts/font = SubResource( 5 )
text = "Play"

[node name="HBoxContainer" type="HBoxContainer" parent="."]
margin_left = 278.0
margin_top = 467.0
margin_right = 932.0
margin_bottom = 522.0
custom_constants/separation = 12
__meta__ = {
"_edit_use_anchors_": false
}

[node name="BtnLeaderboard" parent="HBoxContainer" instance=ExtResource( 2 )]
margin_left = 0.0
margin_top = 0.0
margin_right = 154.0
margin_bottom = 55.0
size_flags_horizontal = 3
theme = ExtResource( 8 )
custom_fonts/font = ExtResource( 16 )
text = "Leaderboard"

[node name="BtnSettings" parent="HBoxContainer" instance=ExtResource( 2 )]
margin_left = 166.0
margin_top = 0.0
margin_right = 321.0
margin_bottom = 55.0
size_flags_horizontal = 3
theme = ExtResource( 8 )
text = "Settings"

[node name="BtnAbout" parent="HBoxContainer" instance=ExtResource( 2 )]
margin_left = 333.0
margin_top = 0.0
margin_right = 487.0
margin_bottom = 55.0
size_flags_horizontal = 3
theme = ExtResource( 8 )
text = "About"

[node name="BtnQuit1" parent="HBoxContainer" instance=ExtResource( 2 )]
margin_left = 499.0
margin_top = 0.0
margin_right = 654.0
margin_bottom = 55.0
size_flags_horizontal = 3
theme = ExtResource( 8 )
text = "Quit"

[node name="BtnToggleMute" parent="HBoxContainer" instance=ExtResource( 2 )]
visible = false
margin_left = 499.0
margin_top = 0.0
margin_right = 654.0
margin_bottom = 55.0
size_flags_horizontal = 3
theme = ExtResource( 8 )
text = "Mute"

[node name="PopAbout" type="Panel" parent="."]
visible = false
anchor_left = 0.5
anchor_top = 0.5
anchor_right = 0.5
anchor_bottom = 0.5
margin_left = -250.0
margin_top = -216.5
margin_right = 250.0
margin_bottom = 216.5
theme = ExtResource( 9 )
__meta__ = {
"_edit_use_anchors_": false
}

[node name="CntAbout" type="Control" parent="PopAbout"]
margin_right = 6.0
margin_bottom = 1.0
__meta__ = {
"_edit_use_anchors_": false
}

[node name="LblAbout" type="Label" parent="PopAbout/CntAbout"]
anchor_left = 0.5
anchor_right = 0.5
margin_left = 1.0
margin_top = 12.0
margin_right = 487.0
margin_bottom = 70.0
custom_fonts/font = ExtResource( 13 )
text = "Made for Godot Wild Jam 31 using Godot, Krita, GIMP, BeepBox, Audacity, jfxr, InkScape, FontForge."
align = 1
autowrap = true
__meta__ = {
"_edit_use_anchors_": false
}

[node name="LblAbout2" type="Label" parent="PopAbout/CntAbout"]
margin_left = 7.0
margin_top = 78.0
margin_right = 487.0
margin_bottom = 193.0
custom_fonts/font = ExtResource( 13 )
text = "On discord we are:
SarahSsss7#9089,
Sophiablabla#7563
hnuqweasd#3731."
align = 1
autowrap = true
__meta__ = {
"_edit_use_anchors_": false
}

[node name="GameLinkButton" type="LinkButton" parent="PopAbout/CntAbout"]
margin_left = 123.0
margin_top = 193.0
margin_right = 385.0
margin_bottom = 241.0
custom_fonts/font = ExtResource( 12 )
text = "PLAY OUR GAMES!"
__meta__ = {
"_edit_use_anchors_": false
}

[node name="TexTheme" type="TextureRect" parent="PopAbout"]
anchor_left = 0.5
anchor_top = 0.5
anchor_right = 0.5
anchor_bottom = 0.5
margin_left = -90.0
margin_top = 27.0
margin_right = 610.0
margin_bottom = 227.0
rect_scale = Vector2( 0.25, 0.25 )
texture = ExtResource( 6 )
stretch_mode = 5
__meta__ = {
"_edit_use_anchors_": false
}

[node name="TexTheme2" type="TextureRect" parent="PopAbout"]
margin_left = 155.028
margin_top = 297.0
margin_right = 614.028
margin_bottom = 915.0
rect_scale = Vector2( 0.2, 0.2 )
texture = ExtResource( 11 )
expand = true
stretch_mode = 5
__meta__ = {
"_edit_use_anchors_": false
}

[node name="TexTheme3" type="TextureRect" parent="PopAbout"]
margin_left = 248.06
margin_top = 296.115
margin_right = 707.06
margin_bottom = 914.115
rect_scale = Vector2( 0.2, 0.2 )
texture = ExtResource( 15 )
expand = true
stretch_mode = 5
__meta__ = {
"_edit_use_anchors_": false
}

[node name="BtnBack1" parent="PopAbout" instance=ExtResource( 2 )]
margin_left = 411.605
margin_top = 387.254
margin_right = 487.605
margin_bottom = 422.254
text = "Back"

[node name="MusicPlayer" parent="." instance=ExtResource( 5 )]
pause_mode = 2

[node name="SoundPlayer" type="AudioStreamPlayer" parent="."]
volume_db = 24.0

[node name="PnlSettings" parent="." instance=ExtResource( 7 )]
visible = false

[node name="ScoreManagerMono" parent="." instance=ExtResource( 17 )]

[node name="PictureStory" parent="." instance=ExtResource( 10 )]
visible = false
[connection signal="pressed" from="BtnTexBackground" to="." method="OnBtnTexBackgroundPressed"]
[connection signal="pressed" from="BtnPlay1" to="." method="OnBtnPlayPressed"]
[connection signal="pressed" from="HBoxContainer/BtnLeaderboard" to="." method="OnBtnLeaderboardPressed"]
[connection signal="pressed" from="HBoxContainer/BtnSettings" to="." method="OnBtnScoresPressed"]
[connection signal="pressed" from="HBoxContainer/BtnAbout" to="." method="OnBtnAboutPressed"]
[connection signal="pressed" from="HBoxContainer/BtnQuit1" to="." method="_on_BtnQuit_pressed"]
[connection signal="pressed" from="HBoxContainer/BtnToggleMute" to="." method="ToggleMute"]
[connection signal="pressed" from="PopAbout/CntAbout/GameLinkButton" to="." method="OnGameLinkButtonPressed"]
[connection signal="pressed" from="PopAbout/BtnBack1" to="." method="OnBtnBackPressed"]

[editable path="PictureStory"]
