[gd_scene load_steps=22 format=2]

[ext_resource path="res://Props/Portal/Particles/Yellow.png" type="Texture" id=1]
[ext_resource path="res://Actors/backup.tres" type="Animation" id=2]
[ext_resource path="res://Actors/Unit/Unit.cs" type="Script" id=13]
[ext_resource path="res://Actors/Unit/Art/Ilde/villager_idle_10000.png" type="Texture" id=43]
[ext_resource path="res://icon.png" type="Texture" id=65]
[ext_resource path="res://Actors/Unit/Art/Ilde/villager_idle_00000.png" type="Texture" id=77]

[sub_resource type="RectangleShape2D" id=1]
extents = Vector2( 12.2953, 12.8702 )

[sub_resource type="CircleShape2D" id=2]
radius = 120.724

[sub_resource type="Gradient" id=3]
offsets = PoolRealArray( 1.38729e-43, 1.5134e-43, 0.701987, 0.993378 )
colors = PoolColorArray( 1, 1, 1, 1, 1, 1, 1, 0.741176, 1, 1, 1, 0.54902, 1, 1, 1, 0 )

[sub_resource type="Animation" id=4]
tracks/0/type = "value"
tracks/0/path = NodePath("Trail:direction")
tracks/0/interp = 1
tracks/0/loop_wrap = true
tracks/0/imported = false
tracks/0/enabled = true
tracks/0/keys = {
"times": PoolRealArray( 0 ),
"transitions": PoolRealArray( 1 ),
"update": 0,
"values": [ Vector2( 0, -1 ) ]
}
tracks/1/type = "value"
tracks/1/path = NodePath("Trail:initial_velocity")
tracks/1/interp = 1
tracks/1/loop_wrap = true
tracks/1/imported = false
tracks/1/enabled = true
tracks/1/keys = {
"times": PoolRealArray( 0 ),
"transitions": PoolRealArray( 1 ),
"update": 0,
"values": [ 20.0 ]
}

[sub_resource type="Animation" id=5]
tracks/0/type = "value"
tracks/0/path = NodePath("Trail:direction")
tracks/0/interp = 1
tracks/0/loop_wrap = true
tracks/0/imported = false
tracks/0/enabled = true
tracks/0/keys = {
"times": PoolRealArray( 0 ),
"transitions": PoolRealArray( 1 ),
"update": 0,
"values": [ Vector2( -1, -1 ) ]
}
tracks/1/type = "value"
tracks/1/path = NodePath("Trail:initial_velocity")
tracks/1/interp = 1
tracks/1/loop_wrap = true
tracks/1/imported = false
tracks/1/enabled = true
tracks/1/keys = {
"times": PoolRealArray( 0 ),
"transitions": PoolRealArray( 1 ),
"update": 0,
"values": [ 20.0 ]
}

[sub_resource type="Animation" id=6]
tracks/0/type = "value"
tracks/0/path = NodePath("Trail:direction")
tracks/0/interp = 1
tracks/0/loop_wrap = true
tracks/0/imported = false
tracks/0/enabled = true
tracks/0/keys = {
"times": PoolRealArray( 0 ),
"transitions": PoolRealArray( 1 ),
"update": 0,
"values": [ Vector2( -1, 0 ) ]
}
tracks/1/type = "value"
tracks/1/path = NodePath("Trail:initial_velocity")
tracks/1/interp = 1
tracks/1/loop_wrap = true
tracks/1/imported = false
tracks/1/enabled = true
tracks/1/keys = {
"times": PoolRealArray( 0 ),
"transitions": PoolRealArray( 1 ),
"update": 0,
"values": [ 20.0 ]
}

[sub_resource type="Animation" id=7]
tracks/0/type = "value"
tracks/0/path = NodePath("Trail:direction")
tracks/0/interp = 1
tracks/0/loop_wrap = true
tracks/0/imported = false
tracks/0/enabled = true
tracks/0/keys = {
"times": PoolRealArray( 0 ),
"transitions": PoolRealArray( 1 ),
"update": 0,
"values": [ Vector2( 0, 1 ) ]
}
tracks/1/type = "value"
tracks/1/path = NodePath("Trail:initial_velocity")
tracks/1/interp = 1
tracks/1/loop_wrap = true
tracks/1/imported = false
tracks/1/enabled = true
tracks/1/keys = {
"times": PoolRealArray( 0 ),
"transitions": PoolRealArray( 1 ),
"update": 0,
"values": [ 20.0 ]
}

[sub_resource type="Animation" id=8]
tracks/0/type = "value"
tracks/0/path = NodePath("Trail:direction")
tracks/0/interp = 1
tracks/0/loop_wrap = true
tracks/0/imported = false
tracks/0/enabled = true
tracks/0/keys = {
"times": PoolRealArray( 0 ),
"transitions": PoolRealArray( 1 ),
"update": 0,
"values": [ Vector2( -1, 1 ) ]
}
tracks/1/type = "value"
tracks/1/path = NodePath("Trail:initial_velocity")
tracks/1/interp = 1
tracks/1/loop_wrap = true
tracks/1/imported = false
tracks/1/enabled = true
tracks/1/keys = {
"times": PoolRealArray( 0 ),
"transitions": PoolRealArray( 1 ),
"update": 0,
"values": [ 20.0 ]
}

[sub_resource type="Animation" id=9]
tracks/0/type = "value"
tracks/0/path = NodePath("Sprite:texture")
tracks/0/interp = 1
tracks/0/loop_wrap = true
tracks/0/imported = false
tracks/0/enabled = true
tracks/0/keys = {
"times": PoolRealArray( 0 ),
"transitions": PoolRealArray( 1 ),
"update": 1,
"values": [ ExtResource( 77 ) ]
}
tracks/1/type = "value"
tracks/1/path = NodePath("Sprite:position")
tracks/1/interp = 1
tracks/1/loop_wrap = true
tracks/1/imported = false
tracks/1/enabled = true
tracks/1/keys = {
"times": PoolRealArray( 0 ),
"transitions": PoolRealArray( 1 ),
"update": 0,
"values": [ Vector2( 0, 0 ) ]
}
tracks/2/type = "value"
tracks/2/path = NodePath("MeleeWeapon:position")
tracks/2/interp = 1
tracks/2/loop_wrap = true
tracks/2/imported = false
tracks/2/enabled = true
tracks/2/keys = {
"times": PoolRealArray( 0 ),
"transitions": PoolRealArray( 1 ),
"update": 0,
"values": [ Vector2( 13.2015, -31.7403 ) ]
}

[sub_resource type="Animation" id=10]
tracks/0/type = "value"
tracks/0/path = NodePath("Sprite:texture")
tracks/0/interp = 1
tracks/0/loop_wrap = true
tracks/0/imported = false
tracks/0/enabled = true
tracks/0/keys = {
"times": PoolRealArray( 0 ),
"transitions": PoolRealArray( 1 ),
"update": 1,
"values": [ ExtResource( 43 ) ]
}
tracks/1/type = "value"
tracks/1/path = NodePath("Sprite:position")
tracks/1/interp = 1
tracks/1/loop_wrap = true
tracks/1/imported = false
tracks/1/enabled = true
tracks/1/keys = {
"times": PoolRealArray( 0 ),
"transitions": PoolRealArray( 1 ),
"update": 0,
"values": [ Vector2( 0, 0 ) ]
}
tracks/2/type = "value"
tracks/2/path = NodePath("MeleeWeapon:position")
tracks/2/interp = 1
tracks/2/loop_wrap = true
tracks/2/imported = false
tracks/2/enabled = true
tracks/2/keys = {
"times": PoolRealArray( 0 ),
"transitions": PoolRealArray( 1 ),
"update": 0,
"values": [ Vector2( 11.1993, -39.7493 ) ]
}

[sub_resource type="Animation" id=11]
length = 1.4
tracks/0/type = "value"
tracks/0/path = NodePath("Trail:initial_velocity")
tracks/0/interp = 1
tracks/0/loop_wrap = true
tracks/0/imported = false
tracks/0/enabled = true
tracks/0/keys = {
"times": PoolRealArray( 0 ),
"transitions": PoolRealArray( 1 ),
"update": 0,
"values": [ 60.0 ]
}
tracks/1/type = "value"
tracks/1/path = NodePath("Trail:direction")
tracks/1/interp = 1
tracks/1/loop_wrap = true
tracks/1/imported = false
tracks/1/enabled = true
tracks/1/keys = {
"times": PoolRealArray( 0 ),
"transitions": PoolRealArray( 1 ),
"update": 0,
"values": [ Vector2( 0, -1 ) ]
}

[sub_resource type="Animation" id=12]
length = 1.4
tracks/0/type = "value"
tracks/0/path = NodePath("Trail:direction")
tracks/0/interp = 1
tracks/0/loop_wrap = true
tracks/0/imported = false
tracks/0/enabled = true
tracks/0/keys = {
"times": PoolRealArray( 0 ),
"transitions": PoolRealArray( 1 ),
"update": 0,
"values": [ Vector2( -1, -1 ) ]
}
tracks/1/type = "value"
tracks/1/path = NodePath("Trail:initial_velocity")
tracks/1/interp = 1
tracks/1/loop_wrap = true
tracks/1/imported = false
tracks/1/enabled = true
tracks/1/keys = {
"times": PoolRealArray( 0 ),
"transitions": PoolRealArray( 1 ),
"update": 0,
"values": [ 60.0 ]
}

[sub_resource type="Animation" id=13]
length = 1.4
tracks/0/type = "value"
tracks/0/path = NodePath("Trail:direction")
tracks/0/interp = 1
tracks/0/loop_wrap = true
tracks/0/imported = false
tracks/0/enabled = true
tracks/0/keys = {
"times": PoolRealArray( 0 ),
"transitions": PoolRealArray( 1 ),
"update": 0,
"values": [ Vector2( -1, 0 ) ]
}
tracks/1/type = "value"
tracks/1/path = NodePath("Trail:initial_velocity")
tracks/1/interp = 1
tracks/1/loop_wrap = true
tracks/1/imported = false
tracks/1/enabled = true
tracks/1/keys = {
"times": PoolRealArray( 0 ),
"transitions": PoolRealArray( 1 ),
"update": 0,
"values": [ 60.0 ]
}

[sub_resource type="Animation" id=14]
length = 1.4
tracks/0/type = "value"
tracks/0/path = NodePath("Trail:initial_velocity")
tracks/0/interp = 1
tracks/0/loop_wrap = true
tracks/0/imported = false
tracks/0/enabled = true
tracks/0/keys = {
"times": PoolRealArray( 0 ),
"transitions": PoolRealArray( 1 ),
"update": 0,
"values": [ 60.0 ]
}
tracks/1/type = "value"
tracks/1/path = NodePath("Trail:direction")
tracks/1/interp = 1
tracks/1/loop_wrap = true
tracks/1/imported = false
tracks/1/enabled = true
tracks/1/keys = {
"times": PoolRealArray( 0 ),
"transitions": PoolRealArray( 1 ),
"update": 0,
"values": [ Vector2( 0, 1 ) ]
}

[sub_resource type="Animation" id=15]
length = 1.4
tracks/0/type = "value"
tracks/0/path = NodePath("Trail:direction")
tracks/0/interp = 1
tracks/0/loop_wrap = true
tracks/0/imported = false
tracks/0/enabled = true
tracks/0/keys = {
"times": PoolRealArray( 0 ),
"transitions": PoolRealArray( 1 ),
"update": 0,
"values": [ Vector2( -1, 1 ) ]
}
tracks/1/type = "value"
tracks/1/path = NodePath("Trail:initial_velocity")
tracks/1/interp = 1
tracks/1/loop_wrap = true
tracks/1/imported = false
tracks/1/enabled = true
tracks/1/keys = {
"times": PoolRealArray( 0 ),
"transitions": PoolRealArray( 1 ),
"update": 0,
"values": [ 60.0 ]
}

[node name="Wisp" type="KinematicBody2D"]
position = Vector2( 345.859, 194.344 )
collision_mask = 2
script = ExtResource( 13 )

[node name="Sprite" type="Sprite" parent="."]
visible = false
position = Vector2( 0, -9 )
scale = Vector2( 0.5, 0.5 )
region_rect = Rect2( 33, 462, 32, 22 )

[node name="Shape" type="CollisionShape2D" parent="."]
position = Vector2( 0.66745, 1.22598 )
shape = SubResource( 1 )

[node name="UnitDetectArea" type="Area2D" parent="."]
visible = false
collision_mask = 2

[node name="Shape" type="CollisionShape2D" parent="UnitDetectArea"]
shape = SubResource( 2 )

[node name="MeleeWeapon" type="Sprite" parent="."]
visible = false
modulate = Color( 0, 0, 0, 1 )
position = Vector2( 13.2015, -31.7403 )
texture = ExtResource( 65 )
region_enabled = true
region_rect = Rect2( 28, 13, 7, 40 )

[node name="Base" type="CPUParticles2D" parent="."]
modulate = Color( 1, 1, 1, 0.784314 )
amount = 2
texture = ExtResource( 1 )
emission_shape = 1
emission_sphere_radius = 8.0
gravity = Vector2( 0, 0 )
radial_accel_random = 1.0
scale_amount = 3.0

[node name="Trail" type="CPUParticles2D" parent="."]
amount = 1
speed_scale = 5.0
texture = ExtResource( 1 )
emission_shape = 2
emission_rect_extents = Vector2( 4, 10 )
direction = Vector2( 0, -1 )
spread = 0.0
gravity = Vector2( 0, 0 )
initial_velocity = 10.0
linear_accel = 20.0
scale_amount = 3.0
color_ramp = SubResource( 3 )

[node name="ActionAnim" type="AnimationPlayer" parent="."]
playback_speed = 2.0
anims/Die = ExtResource( 2 )
anims/IdleDown = SubResource( 4 )
anims/IdleDownRight = SubResource( 5 )
anims/IdleRight = SubResource( 6 )
anims/IdleUp = SubResource( 7 )
anims/IdleUpRight = SubResource( 8 )
anims/MeleeAttackDown = SubResource( 9 )
anims/MeleeAttackDownRight = SubResource( 10 )
anims/WalkDown = SubResource( 11 )
anims/WalkDownRight = SubResource( 12 )
anims/WalkRight = SubResource( 13 )
anims/WalkUp = SubResource( 14 )
anims/WalkUpRight = SubResource( 15 )
anims/backup = ExtResource( 2 )

[node name="SoundPlayer" type="AudioStreamPlayer2D" parent="."]

[node name="SoundPlayerMovement" type="AudioStreamPlayer2D" parent="."]
[connection signal="animation_finished" from="ActionAnim" to="." method="OnActionAnimAnimationFinished"]
